@inproceedings{9,
  title={The difficulty of training deep architectures and the effect of unsupervised pre-training},
  author={Erhan, Dumitru, Manzagol},
  booktitle={Artificial Intelligence and Statistics},
  pages={153--160},
  year={2009}
}

@inproceedings{10,
  title={Understanding the difficulty of training deep feedforward neural networks},
  author={Glorot, Xavier Bengio, Yoshua},
  booktitle={Proceedings of the thirteenth international conference on artificial intelligence and statistics},
  pages={249--256},
  year={2010}
}

@inproceedings{11,
  title={Deep sparse rectifier neural networks},
  author={Glorot, Xavier and Bordes, Antoine and Bengio, Yoshua},
  booktitle={Proceedings of the fourteenth international conference on artificial intelligence and statistics},
  pages={315--323},
  year={2011}
}


@article{31,
  title={Deep learning},
  author={LeCun, Yann, Bengio},
  journal={nature},
  volume={521},
  number={7553},
  pages={436--444},
  year={2015},
  publisher={Nature Publishing Group}
}

@inproceedings{32,
  title={Convolutional deep belief networks for scalable unsupervised learning of hierarchical representations},
  author={Lee, Honglak and Grosse, Roger and Ranganath, Rajesh and Ng, Andrew Y},
  booktitle={Proceedings of the 26th annual international conference on machine learning},
  pages={609--616},
  year={2009},
  organization={ACM}
}

@inproceedings{33,
  title={Separating the polynomial-time hierarchy by oracles},
  author={Yao, Andrew Chi-Chih},
  booktitle={26th Annual Symposium on Foundations of Computer Science (sfcs 1985)},
  pages={1--10},
  year={1985},
  organization={IEEE}
}

@article{Sironi2018,
annote = {MCTS is a best-first search algorithm that incrementally builds a tree representation of the search space of a problem (e.g., a game) and estimates the values of states by performing simulations [1,2].},
author = {Sironi, Chiara F. and Liu, Jialin and Perez-Liebana, Diego and Gaina, Raluca D. and Bravi, Ivan and Lucas, Simon M. and Winands, Mark H.M.},
doi = {10.1007/978-3-319-77538-8_25},
file = {:Users/maywzh/OneDrive/Documents/Academy/Articles/2018 - Self-adaptive MCTS for General Video Game Playing - Sironi et al.pdf:pdf},
isbn = {9783319775371},
issn = {16113349},
journal = {Lecture Notes in Computer Science (including subseries Lecture Notes in Artificial Intelligence and Lecture Notes in Bioinformatics)},
keywords = {General video game playing,MCTS,On-line tuning,Robust game playing,Self-adaptive},
mendeley-groups = {Game AI,Game AI approachs},
number = {January},
pages = {358--375},
title = {{Self-adaptive MCTS for General Video Game Playing}},
volume = {10784 LNCS},
year = {2018}
}

@article{Mendes2016,
author = {Mendes, Andre and Togelius, Julian and Nealen, Andy},
doi = {10.1109/CIG.2016.7860398},
file = {:Users/maywzh/OneDrive/Documents/Academy/Articles/2016 - Hyper-heuristic general video game playing - Mendes, Togelius, Nealen.pdf:pdf},
isbn = {9781509018833},
issn = {23254289},
journal = {IEEE Conference on Computatonal Intelligence and Games, CIG},
mendeley-groups = {Game AI,Game AI approachs},
pages = {1--8},
publisher = {IEEE},
title = {{Hyper-heuristic general video game playing}},
volume = {0},
year = {2016}
}

@article{Justesen2019,
archivePrefix = {arXiv},
arxivId = {1708.07902},
author = {Justesen, Niels and Bontrager, Philip and Togelius, Julian and Risi, Sebastian},
doi = {10.1109/tg.2019.2896986},
eprint = {1708.07902},
file = {:Users/maywzh/OneDrive/Documents/Academy/Articles/2019 - Deep Learning for Video Game Playing - Justesen et al.pdf:pdf},
issn = {2475-1502},
journal = {IEEE Transactions on Games},
mendeley-groups = {Game AI},
number = {c},
pages = {1--1},
publisher = {IEEE},
title = {{Deep Learning for Video Game Playing}},
volume = {PP},
year = {2019}
}


@article{Ringer2018,
archivePrefix = {arXiv},
arxivId = {1807.09715},
author = {Ringer, Charles and Nicolaou, Mihalis A.},
doi = {10.1145/3235765.3235781},
eprint = {1807.09715},
file = {:Users/maywzh/OneDrive/Documents/Academy/Articles/2018 - Deep unsupervised multi-view detection of video game stream highlights - Ringer, Nicolaou.pdf:pdf},
isbn = {9781450365710},
journal = {ACM International Conference Proceeding Series},
keywords = {Event detection,Highlight detection,Video game stream analysis},
mendeley-groups = {Game AI/handin},
title = {{Deep unsupervised multi-view detection of video game stream highlights}},
year = {2018}
}

@article{Chen2017,
archivePrefix = {arXiv},
arxivId = {1702.05663},
author = {Chen Zhao and Yi Darvin},
eprint = {1702.05663},
file = {:Users/maywzh/OneDrive/Documents/Academy/Articles/2017 - The Game Imitation Deep Supervised Convolutional Networks for Quick Video Game AI - Chen, Yi.pdf:pdf},
mendeley-groups = {Game AI/handin},
title = {{The Game Imitation: Deep Supervised Convolutional Networks for Quick Video Game AI}},
url = {http://arxiv.org/abs/1702.05663},
year = {2017}
}

@article{Togelius2016,
author = {Togelius, Julian and Yannakakis, Georgios N.},
doi = {10.1109/CIG.2016.7860385},
file = {:Users/maywzh/OneDrive/Documents/Academy/Articles/2016 - General general game AI - Togelius, Yannakakis.pdf:pdf},
isbn = {9781509018833},
issn = {23254289},
journal = {IEEE Conference on Computatonal Intelligence and Games, CIG},
mendeley-groups = {Game AI},
pages = {1--8},
publisher = {IEEE},
title = {{General general game AI}},
volume = {0},
year = {2016}
}

@article{Gaina2017,
author = {Gaina, Raluca D. and Lucas, Simon M. and Perez-Liebana, Diego},
doi = {10.1109/CIG.2017.8080420},
file = {:Users/maywzh/OneDrive/Documents/Academy/Articles/2017 - Rolling horizon evolution enhancements in general video game playing - Gaina, Lucas, Perez-Liebana.pdf:pdf},
isbn = {9781538632338},
journal = {2017 IEEE Conference on Computational Intelligence and Games, CIG 2017},
mendeley-groups = {Game AI},
pages = {88--95},
title = {{Rolling horizon evolution enhancements in general video game playing}},
year = {2017}
}


@inproceedings{36,
  title={On the expressive power of deep architectures},
  author={Bengio, Yoshua and Delalleau, Olivier},
  booktitle={International Conference on Algorithmic Learning Theory},
  pages={18--36},
  year={2011},
  organization={Springer}
}

@inproceedings{37,
  title={Handwritten digit recognition with a back-propagation network},
  author={LeCun, Yann and Boser, Bernhard E and Denker, John S and Henderson, Donnie and Howard, Richard E and Hubbard, Wayne E and Jackel, Lawrence D},
  booktitle={Advances in neural information processing systems},
  pages={396--404},
  year={1990}
}


@INPROCEEDINGS{a1,
author={M. {Świechowski} and T. {Tajmajer} and A. {Janusz}},
booktitle={2018 IEEE Conference on Computational Intelligence and Games (CIG)},
title={Improving Hearthstone AI by Combining MCTS and Supervised Learning Algorithms},
year={2018},
volume={},
number={},
pages={1-8},
doi={10.1109/CIG.2018.8490368},
ISSN={2325-4270},
month={Aug}
}

@misc{a2,
    title={The Game Imitation: Deep Supervised Convolutional Networks for Quick Video Game AI},
    author={Zhao Chen and Darvin Yi},
    year={2017},
    eprint={1702.05663},
    archivePrefix={arXiv},
    primaryClass={cs.CV}
}

@misc{a3,
    title={Improving Search with Supervised Learning in Trick-Based Card Games},
    author={Christopher Solinas and Douglas Rebstock and Michael Buro},
    year={2019},
    eprint={1903.09604},
    archivePrefix={arXiv},
    primaryClass={cs.AI}
}

@inproceedings{b1,
  title={Unsupervised learning of object keypoints for perception and control},
  author={Kulkarni, Tejas D and Gupta, Ankush and Ionescu, Catalin and Borgeaud, Sebastian and Reynolds, Malcolm and Zisserman, Andrew and Mnih, Volodymyr},
  booktitle={Advances in Neural Information Processing Systems},
  pages={10723--10733},
  year={2019}
}

@inproceedings{b2,
  title={A Machine Learning Tool for Supporting Advanced Knowledge Discovery from Chess Game Data},
  author={Brown, James A and Cuzzocrea, Alfredo and Kresta, Michael and Kristjanson, Korbin DL and Leung, Carson K and Tebinka, Timothy W},
  booktitle={2017 16th IEEE International Conference on Machine Learning and Applications (ICMLA)},
  pages={649--654},
  year={2017},
  organization={IEEE}
}

@inproceedings{b3,
 author = {Ringer Charles and Nicolaou Mihalis A.},
 title = {Deep Unsupervised Multi-view Detection of Video Game Stream Highlights},
 booktitle = {Proceedings of the 13th International Conference on the Foundations of Digital Games},
 series = {FDG '18},
 year = {2018},
 isbn = {978-1-4503-6571-0},
 location = {Malm\&\#246;, Sweden},
 pages = {15:1--15:6},
 articleno = {15},
 numpages = {6},
 url = {http://doi.acm.org/10.1145/3235765.3235781},
 doi = {10.1145/3235765.3235781},
 acmid = {3235781},
 publisher = {ACM},
 address = {New York, NY, USA},
 keywords = {event detection, highlight detection, video game stream analysis}
} 


@INPROCEEDINGS{cnn1,
author={I. {Lungu} and F. {Corradi} and T. {Delbrück}},
booktitle={2017 IEEE International Symposium on Circuits and Systems (ISCAS)},
title={Live demonstration: Convolutional neural network driven by dynamic vision sensor playing RoShamBo},
year={2017},
volume={},
number={},
pages={1-1},
keywords={image sensors;neural nets;convolutional neural network;dynamic vision sensor;RoShamBo;rock-paper-scissors;Voltage control;Cameras;Robot sensing systems;Neural networks;Training;Neuromorphics;Associated tracks: 8.4;Neuromorphic and Event-Based Systems},
doi={10.1109/ISCAS.2017.8050403},
ISSN={2379-447X},
month={May}
}

@INPROCEEDINGS{cnn2,
author={M. {Stanescu} and N. A. {Barriga} and A. {Hess} and M. {Buro}},
booktitle={2016 IEEE Conference on Computational Intelligence and Games (CIG)},
title={Evaluating real-time strategy game states using convolutional neural networks},
year={2016},
volume={},
number={},
pages={1-7},
keywords={computer games;convolution;neural nets;real-time systems;real-time strategy game state evaluation;RTS game state evaluation;convolutional neural network;CNN;Games;Neural networks;Training;Buildings;Real-time systems;Learning (artificial intelligence)},
doi={10.1109/CIG.2016.7860439},
ISSN={2325-4289},
month={Sep.},
}

@misc{rnn1,
    title={A Latent Feelings-aware RNN Model for User Churn Prediction with Behavioral Data},
    author={Meng Xi and Zhiling Luo and Naibo Wang and Jianwei Yin},
    year={2019},
    eprint={1911.02224},
    archivePrefix={arXiv},
    primaryClass={cs.AI}
}