@misc{yao2019kgbert,
    title={KG-BERT: BERT for Knowledge Graph Completion},
    author={Liang Yao and Chengsheng Mao and Yuan Luo},
    year={2019},
    eprint={1909.03193},
    archivePrefix={arXiv},
    primaryClass={cs.CL}
}