@inproceedings{1,
  title={Towards Enterprise-Ready AI Deployments Minimizing the Risk of Consuming AI Models in Business Applications},
  author={Muthusamy, Vinod and Slominski, Aleksander and Ishakian, Vatche},
  booktitle={2018 First International Conference on Artificial Intelligence for Industries (AI4I)},
  pages={108--109},
  year={2018},
  organization={IEEE}
}

@article{2,
  title={Intelligent library knowledge innovation service system based on multimedia technology},
  author={Gao Yujie},
  journal={Personal and Ubiquitous Computing},
  number={1},
  year={2019},
}

@article{3,
  title={Toward business transaction management in smart service networks},
  author={van den Heuvel, Willem-Jan and Papazoglou, Michael P},
  journal={IEEE Internet Computing},
  volume={14},
  number={4},
  pages={71--75},
  year={2010},
  publisher={IEEE}
}



@article{4,
  title={Status and Development of Intelligent Customer Service Robots},
  author={Pei Li, Xiaodong Shao, Liheng Zhou and Yang Jin},
  journal={China Media Technology},
  number={Z1},
  year={2015},
}

@article{5,
  title={Discussion on the Development History and Application Prospect of Intelligent Question Answering System},
  author={Juntao Cheng and Jianbo Li},
  journal={Science and Information},
  number={2},
  year={2019},
}

@inproceedings{6,
  title={A Survey on Chatbot Implementation in Customer Service Industry through Deep Neural Networks},
  author={Mohammad Nuruzzaman and Omar Khadeer Hussain},
  booktitle={2018 IEEE 15th International Conference on e-Business Engineering (ICEBE)},
  year={2018},
}


@inproceedings{7,
  title={Decision-making in smart service systems: A viable systems approach contribution to Service science advances},
  author={Polese, Francesco and Tommasetti, Aurelio and Vesci, Massimiliano and Carrubbo, Luca and Troisi, Orlando},
  booktitle={International Conference on Exploring Services Science},
  pages={3--14},
  year={2016},
  organization={Springer}
}



@article{8,
  title={Integrating Multi-level Tag Recommendation with External Knowledge Bases for Automatic Question Answering},
  author={Eduardo Lima and Weishi Shi and Xumin Liu and Qi Yu},
  journal={ACM Transactions on Internet Technology},
  volume={19},
  number={3},
  pages={1-22},
  year={2019},
}


@inproceedings{9,
  title={Dialog State Tracking: A Neural Reading Comprehension Approach},
  author={Shuyang Gao and Abhishek Sethi and Sanchit Agarwal and Tagyoung Chung and Dilek Hakkani-Tur},
  booktitle={Proceedings of the 20th Annual SIGdial Meeting on Discourse and Dialogue},
  year={2019},
}

@article{10,
  title={A smart web service based on the context of things},
  author={He, Jing and Zhang, Yanchun and Huang, Guangyan and Cao, Jinli},
  journal={ACM Transactions on Internet Technology (TOIT)},
  volume={11},
  number={3},
  pages={13},
  year={2012},
  publisher={ACM}
}

@phdthesis{11,
  title={Research on Interactive Question Understanding for Intelligent Customer Service Robots},
  author={Bo Wen},
  school={Harbin Institute of Technology},
}




@article{12,
  title={Evaluation and Analysis of Intelligent Customer Service System},
  author={Liyan Gu,  Juncheng Wang, Teng Gao and Yiyuan Hu},
  journal={China Science and Technology Resources Guide},
  number={2},
  pages={75-80},
  year={2019},
}


@inproceedings{13,
  title={A Knowledge-Based Intelligent System for Power Customer Service Management},
  author={Guo, Ying Chun and Niu, Dong Xiao},
  booktitle={Machine Learning and Cybernetics, 2007 International Conference on},
  year={2007},
}

@article{14,
  title={Customer service provisioning in intelligent networks},
  author={Yu, C. F.},
  journal={Network IEEE},
  volume={4},
  number={1},
  pages={25-28},
  year={2012},
}

