@article{silver2017mastering,
  title={Mastering the game of go without human knowledge},
  author={Silver, David and Schrittwieser, Julian and Simonyan, Karen and Antonoglou, Ioannis and Huang, Aja and Guez, Arthur and Hubert, Thomas and Baker, Lucas and Lai, Matthew and Bolton, Adrian and others},
  journal={Nature},
  volume={550},
  number={7676},
  pages={354},
  year={2017},
  publisher={Nature Publishing Group}
}

@inproceedings{spronck2004difficulty,
  title={Difficulty scaling of game AI},
  author={Spronck, Pieter and Sprinkhuizen-Kuyper, Ida and Postma, Eric},
  booktitle={Proceedings of the 5th International Conference on Intelligent Games and Simulation (GAME-ON 2004)},
  pages={33--37},
  year={2004}
}

@INPROCEEDINGS{8477829,
author={T. {Machado} and D. {Gopstein} and A. {Nealen} and O. {Nov} and J. {Togelius}},
booktitle={2018 IEEE Congress on Evolutionary Computation (CEC)},
title={AI-Assisted Game Debugging with Cicero},
year={2018},
volume={},
number={},
pages={1-8},
keywords={computer games;human computer interaction;program debugging;query processing;recommender systems;software agents;Cicero;mixed-initiative application;two-dimensional sprite-based games;action games;game development process;AI agents;heatmap-based game analysis;sequential replay mechanism;query system;AI-assisted game debugging tasks;gameplay simulation;playtrace aggregator;interaction patterns;game mechanics recommender system;Games;Tools;Artificial intelligence;Task analysis;Data visualization;Debugging;Design tools;AI for Games;Game Debugging;Game Design;Game Prototyping;AI-Assisted Game Design Tools},
doi={10.1109/CEC.2018.8477829},
ISSN={null},
month={July},}


@INPROCEEDINGS{6633663,
author={M. O. {Riedl} and A. {Zook}},
booktitle={2013 IEEE Conference on Computational Inteligence in Games (CIG)},
title={AI for game production},
year={2013},
volume={},
number={},
pages={1-8},
keywords={artificial intelligence;computer games;artificial intelligence;game production;computer game development;persistent online games;digital distribution platforms;digital distribution portals;social games;mobile games;business models;live game operation;game development practices;games industry;data-driven game AI producers;Games;Artificial intelligence;Computers;Communities;Ecosystems;Context;Production},
doi={10.1109/CIG.2013.6633663},
ISSN={2325-4270},
month={Aug},}


@misc{perezliebana2018general,
    title={General Video Game AI: a Multi-Track Framework for Evaluating Agents, Games and Content Generation Algorithms},
    author={Diego Perez-Liebana and Jialin Liu and Ahmed Khalifa and Raluca D. Gaina and Julian Togelius and Simon M. Lucas},
    year={2018},
    eprint={1802.10363},
    archivePrefix={arXiv},
    primaryClass={cs.AI}
}

@inproceedings{tomai2014adapting,
  title={Adapting in-game agent behavior by observation of players using learning behavior trees.},
  author={Tomai, Emmett and Flores, Roberto},
  booktitle={FDG},
  year={2014}
}
