@misc{1,
  title={Sentiment analysis: mining opinions, sentiments, and emotions},
  author={Zhao, Jun and Liu, Kang and Xu, Liheng},
  year={2016},
  publisher={MIT Press}
}

@article{2,
  title={Sentiment analysis and opinion mining},
  author={Liu, Bing},
  journal={Synthesis lectures on human language technologies},
  volume={5},
  number={1},
  pages={1--167},
  year={2012},
  publisher={Morgan \& Claypool Publishers}
}

@article{3,
  title={Opinion mining and sentiment analysis},
  author={Pang, Bo and Lee, Lillian and others},
  journal={Foundations and Trends{\textregistered} in Information Retrieval},
  volume={2},
  number={1--2},
  pages={1--135},
  year={2008},
  publisher={Now Publishers, Inc.}
}

@article{4,
  title={Deep learning},
  author={LeCun, Yann and Bengio, Yoshua and Hinton, Geoffrey},
  journal={nature},
  volume={521},
  number={7553},
  pages={436--444},
  year={2015},
  publisher={Nature Publishing Group}
}

@inproceedings{5,
  title={Training Feedforward Neural Networks Using Genetic Algorithms.},
  author={Montana, David J and Davis, Lawrence},
  booktitle={IJCAI},
  volume={89},
  pages={762--767},
  year={1989}
}

@article{6,
  title={word2vec Explained: deriving Mikolov et al.'s negative-sampling word-embedding method},
  author={Goldberg, Yoav and Levy, Omer},
  journal={arXiv preprint arXiv:1402.3722},
  year={2014}
}

@article{7,
  title={word2vec parameter learning explained},
  author={Rong, Xin},
  journal={arXiv preprint arXiv:1411.2738},
  year={2014}
}

@article{8,
  title={Convolutional neural networks for sentence classification},
  author={Kim, Yoon},
  journal={arXiv preprint arXiv:1408.5882},
  year={2014}
}

@inproceedings{9,
  title={Imagenet classification with deep convolutional neural networks},
  author={Krizhevsky, Alex and Sutskever, Ilya and Hinton, Geoffrey E},
  booktitle={Advances in neural information processing systems},
  pages={1097--1105},
  year={2012}
}
@inproceedings{10,
  title={End-to-end memory networks},
  author={Sukhbaatar, Sainbayar and Weston, Jason and Fergus, Rob and others},
  booktitle={Advances in neural information processing systems},
  pages={2440--2448},
  year={2015}
}
@inproceedings{11,
  title={Parsing natural scenes and natural language with recursive neural networks},
  author={Socher, Richard and Lin, Cliff C and Manning, Chris and Ng, Andrew Y},
  booktitle={Proceedings of the 28th international conference on machine learning (ICML-11)},
  pages={129--136},
  year={2011}
}

@article{12,
  title={Document-level sentiment classification: An empirical comparison between SVM and ANN},
  author={Moraes, Rodrigo and Valiati, Jo{\~a}O Francisco and Neto, Wilson P Gavi{\~a}O},
  journal={Expert Systems with Applications},
  volume={40},
  number={2},
  pages={621--633},
  year={2013},
  publisher={Elsevier}
}

@inproceedings{13,
  title={Sentence level sentiment analysis in the presence of conjuncts using linguistic analysis},
  author={Meena, Arun and Prabhakar, TV},
  booktitle={European Conference on Information Retrieval},
  pages={573--580},
  year={2007},
  organization={Springer}
}

@inproceedings{102,
  title={Learning word vectors for sentiment analysis},
  author={Maas, Andrew L and Daly, Raymond E and Pham, Peter T and Huang, Dan and Ng, Andrew Y and Potts, Christopher},
  booktitle={Proceedings of the 49th annual meeting of the association for computational linguistics: Human language technologies-volume 1},
  pages={142--150},
  year={2011},
  organization={Association for Computational Linguistics}
}

@inproceedings{103,
  title={Sentiment classification based on supervised latent n-gram analysis},
  author={Bespalov, Dmitriy and Bai, Bing and Qi, Yanjun and Shokoufandeh, Ali},
  booktitle={Proceedings of the 20th ACM international conference on Information and knowledge management},
  pages={375--382},
  year={2011},
  organization={ACM}
}

@inproceedings{104,
  title={Experiments in domain adaptation for statistical machine translation},
  author={Koehn, Philipp and Schroeder, Josh},
  booktitle={Proceedings of the second workshop on statistical machine translation},
  pages={224--227},
  year={2007}
}