@inproceedings{sakt2019,
  title     = {A self-attentive model for knowledge tracing},
  author    = {Shalini Pandey and George Karypis},
  year      = {2019},
  series    = {EDM 2019 - Proceedings of the 12th International Conference on Educational Data Mining},
  publisher = {International Educational Data Mining Society},
  pages     = {384--389}
}

@misc{devlin2019bert,
  title         = {BERT: Pre-training of Deep Bidirectional Transformers for Language Understanding},
  author        = {Jacob Devlin and Ming-Wei Chang and Kenton Lee and Kristina Toutanova},
  year          = {2019},
  eprint        = {1810.04805},
  archiveprefix = {arXiv},
  primaryclass  = {cs.CL}
}

@article{Lee2019CreatingAN,
  title   = {Creating A Neural Pedagogical Agent by Jointly Learning to Review and Assess},
  author  = {Y. Lee and Youngduck Choi and Jung-hyun Cho and Alexander R. Fabbri and Hyunbin Loh and Chanyou Hwang and Yongku Lee and Sang-Wook Kim and Dragomir R. Radev},
  journal = {ArXiv},
  year    = {2019},
  volume  = {abs/1906.10910}
}

@inproceedings{nakagawa2019graph,
  author       = {Nakagawa, Hiromi and Iwasawa, Yusuke and Matsuo, Yutaka},
  booktitle    = {2019 IEEE/WIC/ACM International Conference on Web Intelligence (WI)},
  organization = {IEEE},
  pages        = {156--163},
  title        = {Graph-based knowledge tracing: modeling student proficiency using graph neural network},
  year         = {2019}
}

@article{guo2019improving,
  title     = {Improving text classification with weighted word embeddings via a multi-channel TextCNN model},
  author    = {Guo, Bao and Zhang, Chunxia and Liu, Junmin and Ma, Xiaoyi},
  journal   = {Neurocomputing},
  volume    = {363},
  pages     = {366--374},
  year      = {2019},
  publisher = {Elsevier}
}

@article{chinese-bert-wwm,
  title   = {Pre-Training with Whole Word Masking for Chinese BERT},
  author  = {Cui, Yiming and Che, Wanxiang and Liu, Ting and Qin, Bing and Yang, Ziqing and Wang, Shijin and Hu, Guoping},
  journal = {arXiv preprint arXiv:1906.08101},
  year    = {2019}
}


@article{vaswani2017attention,
  title   = {Attention is all you need},
  author  = {Vaswani, Ashish and Shazeer, Noam and Parmar, Niki and Uszkoreit, Jakob and Jones, Llion and Gomez, Aidan N and Kaiser, Lukasz and Polosukhin, Illia},
  journal = {arXiv preprint arXiv:1706.03762},
  year    = {2017}
}

@inproceedings{joulin-etal-2017-bag,
  title     = {Bag of Tricks for Efficient Text Classification},
  author    = {Joulin, Armand  and
      Grave, Edouard  and
      Bojanowski, Piotr  and
      Mikolov, Tomas},
  booktitle = {Proceedings of the 15th Conference of the {E}uropean Chapter of the Association for Computational Linguistics: Volume 2, Short Papers},
  month     = apr,
  year      = {2017},
  address   = {Valencia, Spain},
  publisher = {Association for Computational Linguistics},
  pages     = {427--431}
}

@inproceedings{zhang2017dynamic,
  author    = {Zhang, Jiani and Shi, Xingjian and King, Irwin and Yeung, Dit-Yan},
  booktitle = {Proceedings of the 26th international conference on World Wide Web},
  pages     = {765--774},
  title     = {Dynamic key-value memory networks for knowledge tracing},
  year      = {2017}
}


@article{chen2017improving,
  title     = {Improving sentiment analysis via sentence type classification using BiLSTM-CRF and CNN},
  author    = {Chen, Tao and Xu, Ruifeng and He, Yulan and Wang, Xuan},
  journal   = {Expert Systems with Applications},
  volume    = {72},
  pages     = {221--230},
  year      = {2017},
  publisher = {Elsevier}
}
@inproceedings{zhou2016attention,
  author    = {Zhou, Peng and Shi, Wei and Tian, Jun and Qi, Zhenyu and Li, Bingchen and Hao, Hongwei and Xu, Bo},
  booktitle = {Proceedings of the 54th annual meeting of the association for computational linguistics (volume 2: Short papers)},
  pages     = {207--212},
  title     = {Attention-based bidirectional long short-term memory networks for relation classification},
  year      = {2016}
}

@article{kipf2016semi,
  author  = {Kipf, Thomas N and Welling, Max},
  journal = {arXiv preprint arXiv:1609.02907},
  title   = {Semi-supervised classification with graph convolutional networks},
  year    = {2016}
}

@article{piech2015deep,
  author  = {Piech, Chris and Bassen, Jonathan and Huang, Jonathan and Ganguli, Surya and Sahami, Mehran and Guibas, Leonidas J and Sohl-Dickstein, Jascha},
  journal = {Advances in neural information processing systems},
  pages   = {505--513},
  title   = {Deep knowledge tracing},
  volume  = {28},
  year    = {2015}
}

@inproceedings{yudelson2013individualized,
  author       = {Yudelson, Michael V and Koedinger, Kenneth R and Gordon, Geoffrey J},
  booktitle    = {International conference on artificial intelligence in education},
  organization = {Springer},
  pages        = {171--180},
  title        = {Individualized bayesian knowledge tracing models},
  year         = {2013}
}

@article{segev2009context,
  title     = {Context-based matching and ranking of web services for composition},
  author    = {Segev, Aviv and Toch, Eran},
  journal   = {IEEE Transactions on Services Computing},
  volume    = {2},
  number    = {3},
  pages     = {210--222},
  year      = {2009},
  publisher = {IEEE}
}

@misc{gcngithub,
  note   = {\url{https://github.com/tkipf/gcn} Accessed March 1, 2021},
  title  = {Graph Convolutional Networks},
  author = {tkipf}
}

@misc{wwmbertgithub,
  author       = {Cui, Yiming and Che, Wanxiang and Liu, Ting and Qin, Bing and Yang, Ziqing and Wang, Shijin and Hu, Guoping},
  title        = {中文BERT-wwm},
  howpublished = {\url{https://github.com/tkipf/gcn}}
}
