@MISC{SIPSER,
author = {SIPSER M.},
title = {Introduction to the Theory of Computation},
month = {Abril},
year = {1996},
}
}

@MISC{BibStyles,
author = {Overleaf},
title = {Bibtex bibliography styles},
_month = may,
_year = {2013},
howpublished={\url{https://www.overleaf.com/learn/latex/Bibtex_bibliography_styles}}
}
