@MISC{1,
author = {Leo Galway},
title = {Machine learning in digital games: a survey},
month = {August},
year = {2008},
}

@MISC{2,
author = {Constance Steinkuehler},
title = {Videogames and Learning},
month = may,
year = {2013},
}

@MISC{3,
author = {Michael Bowling},
title = {Machine learning and games},
month = may,
year = {2006},
}

@MISC{4,
author = {Collins, M},
title = {Advanced AI game development},
year = {2002},
}

@MISC{5,
author = {Kenneth D. Forbus},
title = {AI and the Entertainment Industry},
month = august,
year = {2002},
}

@MISC{6,
author = {John E. Laird},
title = {Using a Computer Game to Develop Advanced AI},
month = july,
year = {2001},
}

@MISC{7,
author = {Georgios N. Yannakakis},
title = {AI in Computer Games: Generating Interesting Interactive Opponents by the use of Evolutionary Computation},
year = {2005},
}
 
@MISC{8,
author = {Andrew Stern},
title = {AI Beyond Computer Games},
year = {1999},
}

@MISC{9,
author = {Chris Fairclough},
title = {Research Directions for AI in Computer Games},
year = {2003},
}
