@article{zhang2007security,
  title={Security analysis of session initiation protocol},
  author={Zhang, Zhaoxin and Fang, Binxing and Hu, Mingzeng and Zhang, Hongli},
  journal={International Journal of Innovative Computing, Information and Control},
  volume={3},
  number={2},
  pages={457--469},
  year={2007}
}

@inproceedings{cohn2017formal,
  title={A formal security analysis of the signal messaging protocol},
  author={Cohn Gordon, Katriel and Cremers, Cas and Dowling, Benjamin and Garratt, Luke and Stebila, Douglas},
  booktitle={2017 IEEE European Symposium on Security and Privacy (EuroS\&P)},
  pages={451--466},
  year={2017},
  organization={IEEE}
}

@inproceedings{alwen2019double,
  title={The double ratchet: Security notions, proofs, and modularization for the signal protocol},
  author={Alwen, Jo{\"e}l and Coretti, Sandro and Dodis, Yevgeniy},
  booktitle={Annual International Conference on the Theory and Applications of Cryptographic Techniques},
  pages={129--158},
  year={2019},
  organization={Springer}
}


@inproceedings{almuzaini2019formal,
  title={Formal Analysis of the Signal Protocol Using the Scyther Tool},
  author={Almuzaini, Nawal Zaied and Ahmad, Iftikhar},
  booktitle={2019 2nd International Conference on Computer Applications \& Information Security (ICCAIS)},
  pages={1--6},
  year={2019},
  organization={IEEE}
}

@article{marlinspike2016x3dh,
  title={The x3dh key agreement protocol},
  author={Marlinspike, Moxie and Perrin, Trevor},
  journal={Open Whisper Systems},
  year={2016}
}

@article{perrin2016double,
  title={The double ratchet algorithm},
  author={Perrin, Trevor and Marlinspike, Moxie},
  journal={GitHub wiki},
  year={2016}
}

@inproceedings{1,
  title={Was my message read? Privacy and signaling on Facebook messenger},
  author={Hoyle, Roberto and Das, Srijita and Kapadia, Apu and Lee, Adam J and Vaniea, Kami},
  booktitle={Proceedings of the 2017 CHI Conference on Human Factors in Computing Systems},
  pages={3838--3842},
  year={2017}
}


@inproceedings{cohn2018ends,
  title={On ends-to-ends encryption: Asynchronous group messaging with strong security guarantees},
  author={Cohn Gordon, Katriel and Cremers, Cas and Garratt, Luke and Millican, Jon and Milner, Kevin},
  booktitle={Proceedings of the 2018 ACM SIGSAC Conference on Computer and Communications Security},
  pages={1802--1819},
  year={2018}
}

@inproceedings{bellare2017ratcheted,
  title={Ratcheted encryption and key exchange: The security of messaging},
  author={Bellare, Mihir and Singh, Asha Camper and Jaeger, Joseph and Nyayapati, Maya and Stepanovs, Igors},
  booktitle={Annual International Cryptology Conference},
  pages={619--650},
  year={2017},
  organization={Springer}
}

@inproceedings{cohn2016post,
  title={On post-compromise security},
  author={Cohn Gordon, Katriel and Cremers, Cas and Garratt, Luke},
  booktitle={2016 IEEE 29th Computer Security Foundations Symposium (CSF)},
  pages={164--178},
  year={2016},
  organization={IEEE}
}

@inproceedings{poettering2018towards,
  title={Towards bidirectional ratcheted key exchange},
  author={Poettering, Bertram and R{\"o}sler, Paul},
  booktitle={Annual International Cryptology Conference},
  pages={3--32},
  year={2018},
  organization={Springer}
}

@inproceedings{jaeger2018optimal,
  title={Optimal channel security against fine-grained state compromise: The safety of messaging},
  author={Jaeger, Joseph and Stepanovs, Igors},
  booktitle={Annual International Cryptology Conference},
  pages={33--62},
  year={2018},
  organization={Springer}
}

@inproceedings{rosler2018more,
  title={More is less: on the end-to-end security of group chats in signal, whatsapp, and threema},
  author={R{\"o}sler, Paul and Mainka, Christian and Schwenk, J{\"o}rg},
  booktitle={2018 IEEE European Symposium on Security and Privacy (EuroS\&P)},
  pages={415--429},
  year={2018},
  organization={IEEE}
}