@article{blikstein2013digital,
  title   = {Digital fabrication and ‘making’in education: The democratization of invention},
  author  = {Blikstein, Paulo},
  journal = {FabLabs: Of machines, makers and inventors},
  volume  = {4},
  number  = {1},
  pages   = {1--21},
  year    = {2013}
}

@article{benitti2012exploring,
  title     = {Exploring the educational potential of robotics in schools: A systematic review},
  author    = {Benitti, Fabiane Barreto Vavassori},
  journal   = {Computers \& Education},
  volume    = {58},
  number    = {3},
  pages     = {978--988},
  year      = {2012},
  publisher = {Elsevier}
}

@inproceedings{alimisis2012robotics,
  title     = {Robotics in education \& education in robotics: Shifting focus from technology to pedagogy},
  author    = {Alimisis, Dimitris},
  booktitle = {Proceedings of the 3rd International Conference on Robotics in Education},
  pages     = {7--14},
  year      = {2012}
}

@incollection{demo2012and,
  title     = {In and out of the school activities implementing IBSE and constructionist learning methodologies by means of robotics},
  author    = {Demo, G Barbara and Moro, Michele and Pina, Alfredo and Arlegui, Javier},
  booktitle = {Robots in K-12 education: A new technology for learning},
  pages     = {66--92},
  year      = {2012},
  publisher = {IGI Global}
}

@article{alimisis2013educational,
  title   = {Educational robotics: Open questions and new challenges},
  author  = {Alimisis, Dimitris},
  journal = {Themes in Science and Technology Education},
  volume  = {6},
  number  = {1},
  pages   = {63--71},
  year    = {2013}
}

@inproceedings{bredenfeld2010robotics,
  title     = {Robotics in education initiatives in europe-status, shortcomings and open questions},
  author    = {Bredenfeld, Ansgar and Hofmann, Alexander and Steinbauer, Gerald},
  booktitle = {Proceedings of international conference on simulation, modeling and programming for autonomous robots (SIMPAR 2010) workshops},
  pages     = {568--574},
  year      = {2010}
}
