
@article{dong2017understanding,
  title={Understanding usage of Internet of Things (IOT) systems in China},
  author={Dong, Xuebing and Chang, Yaping and Wang, Yawei and Yan, Jun},
  journal={Information Technology \& People},
  year={2017},
  publisher={Emerald Publishing Limited}
}


@article{iotdef,
  title   = {{ISO/IEC JTC 1, Internet of Things(IoT)[R]}},
  journal = {Switzerland: International Organization for Standardization},
  year    = {2014},
  type    = {Journal Article}
}

@article{salman2018iot,
  title={IoT survey: An SDN and fog computing perspective},
  author={Salman, Ola and Elhajj, Imad and Chehab, Ali and Kayssi, Ayman},
  journal={Computer Networks},
  volume={143},
  pages={221--246},
  year={2018},
  publisher={Elsevier}
}

@book{vasilakos2016delay,
  title={Delay tolerant networks: Protocols and applications},
  author={Vasilakos, Athanasios V and Zhang, Yan and Spyropoulos, Thrasyvoulos},
  year={2016},
  publisher={CRC press}
}

@article{1,
  title={The Internet of Things (IoT): Applications, investments, and challenges for enterprises},
  author={Lee, In and Lee, Kyoochun},
  journal={Business Horizons},
  volume={58},
  number={4},
  pages={431--440},
  year={2015},
  publisher={Elsevier}
}
@article{2,
  title={Internet of Things (IoT): A vision, architectural elements, and future directions},
  author={Gubbi, Jayavardhana and Buyya, Rajkumar and Marusic, Slaven and Palaniswami, Marimuthu},
  journal={Future generation computer systems},
  volume={29},
  number={7},
  pages={1645--1660},
  year={2013},
  publisher={Elsevier}
}
@article{3,
  title={Decision as a Service (DaaS): A Service-Oriented Architecture Approach for Decisions in Processes},
  author={Hasi{\'c}, Faruk and De Smedt, Johannes and Broucke, Seppe Vanden and Asensio, Estefan{\'\i}a Serral},
  journal={IEEE Transactions on Services Computing},
  year={2020},
  publisher={IEEE}
}
@misc{4,
  title={Electronic product recognition},
  author={Hadden, Corey and Eggert, Nicholas and Siskind, Ryan and Cobos, Edgar and Radachy, Stephen and Alderman, Rachel},
  year={2020},
  month=jul # "~16",
  publisher={Google Patents},
  note={US Patent App. 16/739,603}
}
@article{5,
  title={A survey on internet of things: Architecture, enabling technologies, security and privacy, and applications},
  author={Lin, Jie and Yu, Wei and Zhang, Nan and Yang, Xinyu and Zhang, Hanlin and Zhao, Wei},
  journal={IEEE Internet of Things Journal},
  volume={4},
  number={5},
  pages={1125--1142},
  year={2017},
  publisher={IEEE}
}
@article{6,
  title={Services and key technologies of the internet of things},
  author={Xiaojiang, Xing and Jianli, Wang and Mingdong, Li},
  journal={ZTE Communications},
  volume={8},
  number={2},
  pages={26--29},
  year={2020}
}
@article{7,
  title={A partitioning approach to RFID identification},
  author={Su, Jian and Liu, Alex X and Sheng, Zhengguo and Chen, Yongrui},
  journal={IEEE/ACM Transactions on Networking},
  year={2020},
  publisher={IEEE}
}
@inproceedings{8,
  title={Towards Long-Lasting Nanoscale Wireless Communications in the Terahertz Band for Biomedical Applications},
  author={Musa, Vittoria and Piro, Giuseppe and Grieco, L Alfredo and Boggia, Gennaro},
  booktitle={International Conference on Ad-Hoc Networks and Wireless},
  pages={145--158},
  year={2020},
  organization={Springer}
}