@article{heeks1999information,
  title   = {Information and communication technologies, poverty and development},
  author  = {Heeks, Richard},
  journal = {Development informatics working paper},
  number  = {5},
  year    = {1999}
}

@article{ratheeswari2018information,
  title   = {Information communication technology in education},
  author  = {Ratheeswari, K},
  journal = {Journal of Applied and Advanced Research},
  volume  = {3},
  number  = {1},
  pages   = {S45--S47},
  year    = {2018}
}

@book{weckert2013professionalism,
  title     = {Professionalism in the information and communication technology industry},
  author    = {Weckert, John and Lucas, Richard},
  year      = {2013},
  publisher = {ANU Press}
}

@inproceedings{gleason2002ict,
  title        = {ICT professionalism},
  author       = {Gleason, David H},
  booktitle    = {2002): The Transformation of Organisations in the Information Age: Social and Ethical Implications. Proceedings of the sixth ETHICOMP Conference},
  pages        = {13--15},
  year         = {2002},
  organization = {Citeseer}
}
