@misc{devlin2019bert,
  title         = {BERT: Pre-training of Deep Bidirectional Transformers for Language Understanding},
  author        = {Jacob Devlin and Ming-Wei Chang and Kenton Lee and Kristina Toutanova},
  year          = {2019},
  eprint        = {1810.04805},
  archiveprefix = {arXiv},
  primaryclass  = {cs.CL}
}

@article{chinese-bert-wwm,
  title   = {Pre-Training with Whole Word Masking for Chinese BERT},
  author  = {Cui, Yiming and Che, Wanxiang and Liu, Ting and Qin, Bing and Yang, Ziqing and Wang, Shijin and Hu, Guoping},
  journal = {arXiv preprint arXiv:1906.08101},
  year    = {2019}
}

@article{vaswani2017attention,
  title   = {Attention is all you need},
  author  = {Vaswani, Ashish and Shazeer, Noam and Parmar, Niki and Uszkoreit, Jakob and Jones, Llion and Gomez, Aidan N and Kaiser, Lukasz and Polosukhin, Illia},
  journal = {arXiv preprint arXiv:1706.03762},
  year    = {2017}
}

@article{chen2017improving,
  title     = {Improving sentiment analysis via sentence type classification using BiLSTM-CRF and CNN},
  author    = {Chen, Tao and Xu, Ruifeng and He, Yulan and Wang, Xuan},
  journal   = {Expert Systems with Applications},
  volume    = {72},
  pages     = {221--230},
  year      = {2017},
  publisher = {Elsevier}
}

@article{kipf2016semi,
  author  = {Kipf, Thomas N and Welling, Max},
  journal = {arXiv preprint arXiv:1609.02907},
  title   = {Semi-supervised classification with graph convolutional networks},
  year    = {2016}
}

@article{segev2009context,
  title     = {Context-based matching and ranking of web services for composition},
  author    = {Segev, Aviv and Toch, Eran},
  journal   = {IEEE Transactions on Services Computing},
  volume    = {2},
  number    = {3},
  pages     = {210--222},
  year      = {2009},
  publisher = {IEEE}
}


@misc{gcngithub,
  note   = {\url{https://github.com/tkipf/gcn} Accessed March 1, 2021},
  title  = {Graph Convolutional Networks},
  author = {tkipf}
}

@misc{wwmbertgithub,
  author       = {Cui, Yiming and Che, Wanxiang and Liu, Ting and Qin, Bing and Yang, Ziqing and Wang, Shijin and Hu, Guoping},
  title        = {中文BERT-wwm},
  howpublished = {\url{https://github.com/tkipf/gcn}}
}

