@misc{rasmus2015semisupervised,
    title={Semi-Supervised Learning with Ladder Networks},
    author={Antti Rasmus and Harri Valpola and Mikko Honkala and Mathias Berglund and Tapani Raiko},
    year={2015},
    eprint={1507.02672},
    archivePrefix={arXiv},
    primaryClass={cs.NE}
}
@inproceedings{shen2003multilabel,
  title={Multilabel machine learning and its application to semantic scene classification},
  author={Shen, Xipeng and Boutell, Matthew and Luo, Jiebo and Brown, Christopher},
  booktitle={Storage and Retrieval Methods and Applications for Multimedia 2004},
  volume={5307},
  pages={188--199},
  year={2003},
  organization={International Society for Optics and Photonics}
}

@article{sun2013rgb,
  title={An RGB multi-channel representation for images on quantum computers},
  author={Sun, Bo and Iliyasu, Abdullah M and Yan, Fei and Dong, Fangyan and Hirota, Kaoru},
  journal={Journal of Advanced Computational Intelligence and Intelligent Informatics},
  volume={17},
  number={3},
  pages={404--417},
  year={2013},
  publisher={Fuji Technology Press Ltd.}
}

@article{jaware2012crop,
  title={Crop disease detection using image segmentation},
  author={Jaware, Tushar H and Badgujar, Ravindra D and Patil, Prashant G},
  journal={World Journal of Science and Technology},
  volume={2},
  number={4},
  pages={190--194},
  year={2012}
}

@book{rechcigl2018environmentally,
  title={Environmentally safe approaches to crop disease control},
  author={Rechcigl, Jack E},
  year={2018},
  publisher={CRC Press}
}

@article{mohanty2016using,
  title={Using deep learning for image-based plant disease detection},
  author={Mohanty, Sharada P and Hughes, David P and Salath{\'e}, Marcel},
  journal={Frontiers in plant science},
  volume={7},
  pages={1419},
  year={2016},
  publisher={Frontiers}
}

@article{humeau2019texture,
  title={Texture feature extraction methods: A survey},
  author={Humeau-Heurtier, Anne},
  journal={IEEE Access},
  volume={7},
  pages={8975--9000},
  year={2019},
  publisher={IEEE}
}

@inproceedings{guo2017color,
  title={Color Feature-based Pillbox Image Color Recognition.},
  author={Guo, Peng and Stanley, Ronald J and Cole, Justin G and Hagerty, Jason R and Stoecker, William V},
  booktitle={VISIGRAPP (4: VISAPP)},
  pages={188--194},
  year={2017}
}

@misc{zhu2002learning,
  title={„Learning from Labeled and Unlabeled Data with Label “},
  author={Zhu, Xiaojin and Ghahramani, Zoubin},
  year={2002},
  publisher={School of Computer Science, Carnegie Mellon University, Pittsburgh}
}