
@inproceedings{cui2018performance,
  title        = {Performance comparison of an AI-based Adaptive Learning System in China},
  author       = {Cui, Wei and Xue, Zhen and Thai, Khanh-Phuong},
  booktitle    = {2018 Chinese Automation Congress (CAC)},
  pages        = {3170--3175},
  year         = {2018},
  organization = {IEEE}
}

@inproceedings{yudelson2013individualized,
  title        = {Individualized bayesian knowledge tracing models},
  author       = {Yudelson, Michael V and Koedinger, Kenneth R and Gordon, Geoffrey J},
  booktitle    = {International conference on artificial intelligence in education},
  pages        = {171--180},
  year         = {2013},
  organization = {Springer}
}


@article{piech2015deep,
  title   = {Deep knowledge tracing},
  author  = {Piech, Chris and Bassen, Jonathan and Huang, Jonathan and Ganguli, Surya and Sahami, Mehran and Guibas, Leonidas J and Sohl-Dickstein, Jascha},
  journal = {Advances in neural information processing systems},
  volume  = {28},
  pages   = {505--513},
  year    = {2015}
}


@inproceedings{zhang2017dynamic,
  title     = {Dynamic key-value memory networks for knowledge tracing},
  author    = {Zhang, Jiani and Shi, Xingjian and King, Irwin and Yeung, Dit-Yan},
  booktitle = {Proceedings of the 26th international conference on World Wide Web},
  pages     = {765--774},
  year      = {2017}
}


@article{chaudhry2018modeling,
  title     = {Modeling Hint-Taking Behavior and Knowledge State of Students with Multi-Task Learning.},
  author    = {Chaudhry, Ritwick and Singh, Harvineet and Dogga, Pradeep and Saini, Shiv Kumar},
  journal   = {International Educational Data Mining Society},
  year      = {2018},
  publisher = {ERIC}
}


@inproceedings{rendle2010factorization,
  title        = {Factorization machines},
  author       = {Rendle, Steffen},
  booktitle    = {2010 IEEE International Conference on Data Mining},
  pages        = {995--1000},
  year         = {2010},
  organization = {IEEE}
}

@inproceedings{juan2016field,
  title     = {Field-aware factorization machines for CTR prediction},
  author    = {Juan, Yuchin and Zhuang, Yong and Chin, Wei-Sheng and Lin, Chih-Jen},
  booktitle = {Proceedings of the 10th ACM Conference on Recommender Systems},
  pages     = {43--50},
  year      = {2016}
}

@article{guo2017deepfm,
  title   = {DeepFM: a factorization-machine based neural network for CTR prediction},
  author  = {Guo, Huifeng and Tang, Ruiming and Ye, Yunming and Li, Zhenguo and He, Xiuqiang},
  journal = {arXiv preprint arXiv:1703.04247},
  year    = {2017}
}

