@inproceedings{9,
  title={The difficulty of training deep architectures and the effect of unsupervised pre-training},
  author={Erhan, Dumitru, Manzagol},
  booktitle={Artificial Intelligence and Statistics},
  pages={153--160},
  year={2009}
}

@inproceedings{10,
  title={Understanding the difficulty of training deep feedforward neural networks},
  author={Glorot, Xavier Bengio, Yoshua},
  booktitle={Proceedings of the thirteenth international conference on artificial intelligence and statistics},
  pages={249--256},
  year={2010}
}

@inproceedings{11,
  title={Deep sparse rectifier neural networks},
  author={Glorot, Xavier and Bordes, Antoine and Bengio, Yoshua},
  booktitle={Proceedings of the fourteenth international conference on artificial intelligence and statistics},
  pages={315--323},
  year={2011}
}


@article{31,
  title={Deep learning},
  author={LeCun, Yann, Bengio},
  journal={nature},
  volume={521},
  number={7553},
  pages={436--444},
  year={2015},
  publisher={Nature Publishing Group}
}

@inproceedings{32,
  title={Convolutional deep belief networks for scalable unsupervised learning of hierarchical representations},
  author={Lee, Honglak and Grosse, Roger and Ranganath, Rajesh and Ng, Andrew Y},
  booktitle={Proceedings of the 26th annual international conference on machine learning},
  pages={609--616},
  year={2009},
  organization={ACM}
}

@inproceedings{33,
  title={Separating the polynomial-time hierarchy by oracles},
  author={Yao, Andrew Chi-Chih},
  booktitle={26th Annual Symposium on Foundations of Computer Science (sfcs 1985)},
  pages={1--10},
  year={1985},
  organization={IEEE}
}

@inproceedings{36,
  title={On the expressive power of deep architectures},
  author={Bengio, Yoshua and Delalleau, Olivier},
  booktitle={International Conference on Algorithmic Learning Theory},
  pages={18--36},
  year={2011},
  organization={Springer}
}

@inproceedings{37,
  title={Handwritten digit recognition with a back-propagation network},
  author={LeCun, Yann and Boser, Bernhard E and Denker, John S and Henderson, Donnie and Howard, Richard E and Hubbard, Wayne E and Jackel, Lawrence D},
  booktitle={Advances in neural information processing systems},
  pages={396--404},
  year={1990}
}


@INPROCEEDINGS{a1,
author={M. {Świechowski} and T. {Tajmajer} and A. {Janusz}},
booktitle={2018 IEEE Conference on Computational Intelligence and Games (CIG)},
title={Improving Hearthstone AI by Combining MCTS and Supervised Learning Algorithms},
year={2018},
volume={},
number={},
pages={1-8},
doi={10.1109/CIG.2018.8490368},
ISSN={2325-4270},
month={Aug}
}

@misc{a2,
    title={The Game Imitation: Deep Supervised Convolutional Networks for Quick Video Game AI},
    author={Zhao Chen and Darvin Yi},
    year={2017},
    eprint={1702.05663},
    archivePrefix={arXiv},
    primaryClass={cs.CV}
}

@misc{a3,
    title={Improving Search with Supervised Learning in Trick-Based Card Games},
    author={Christopher Solinas and Douglas Rebstock and Michael Buro},
    year={2019},
    eprint={1903.09604},
    archivePrefix={arXiv},
    primaryClass={cs.AI}
}

@inproceedings{b1,
  title={Unsupervised learning of object keypoints for perception and control},
  author={Kulkarni, Tejas D and Gupta, Ankush and Ionescu, Catalin and Borgeaud, Sebastian and Reynolds, Malcolm and Zisserman, Andrew and Mnih, Volodymyr},
  booktitle={Advances in Neural Information Processing Systems},
  pages={10723--10733},
  year={2019}
}

@inproceedings{b2,
  title={A Machine Learning Tool for Supporting Advanced Knowledge Discovery from Chess Game Data},
  author={Brown, James A and Cuzzocrea, Alfredo and Kresta, Michael and Kristjanson, Korbin DL and Leung, Carson K and Tebinka, Timothy W},
  booktitle={2017 16th IEEE International Conference on Machine Learning and Applications (ICMLA)},
  pages={649--654},
  year={2017},
  organization={IEEE}
}

@inproceedings{b3,
 author = {Ringer, Charles and Nicolaou, Mihalis A.},
 title = {Deep Unsupervised Multi-view Detection of Video Game Stream Highlights},
 booktitle = {Proceedings of the 13th International Conference on the Foundations of Digital Games},
 series = {FDG '18},
 year = {2018},
 isbn = {978-1-4503-6571-0},
 location = {Malm\&\#246;, Sweden},
 pages = {15:1--15:6},
 articleno = {15},
 numpages = {6},
 url = {http://doi.acm.org/10.1145/3235765.3235781},
 doi = {10.1145/3235765.3235781},
 acmid = {3235781},
 publisher = {ACM},
 address = {New York, NY, USA},
 keywords = {event detection, highlight detection, video game stream analysis}
} 


@INPROCEEDINGS{cnn1,
author={I. {Lungu} and F. {Corradi} and T. {Delbrück}},
booktitle={2017 IEEE International Symposium on Circuits and Systems (ISCAS)},
title={Live demonstration: Convolutional neural network driven by dynamic vision sensor playing RoShamBo},
year={2017},
volume={},
number={},
pages={1-1},
keywords={image sensors;neural nets;convolutional neural network;dynamic vision sensor;RoShamBo;rock-paper-scissors;Voltage control;Cameras;Robot sensing systems;Neural networks;Training;Neuromorphics;Associated tracks: 8.4;Neuromorphic and Event-Based Systems},
doi={10.1109/ISCAS.2017.8050403},
ISSN={2379-447X},
month={May}
}

@INPROCEEDINGS{cnn2,
author={M. {Stanescu} and N. A. {Barriga} and A. {Hess} and M. {Buro}},
booktitle={2016 IEEE Conference on Computational Intelligence and Games (CIG)},
title={Evaluating real-time strategy game states using convolutional neural networks},
year={2016},
volume={},
number={},
pages={1-7},
keywords={computer games;convolution;neural nets;real-time systems;real-time strategy game state evaluation;RTS game state evaluation;convolutional neural network;CNN;Games;Neural networks;Training;Buildings;Real-time systems;Learning (artificial intelligence)},
doi={10.1109/CIG.2016.7860439},
ISSN={2325-4289},
month={Sep.},
}

@misc{rnn1,
    title={A Latent Feelings-aware RNN Model for User Churn Prediction with Behavioral Data},
    author={Meng Xi and Zhiling Luo and Naibo Wang and Jianwei Yin},
    year={2019},
    eprint={1911.02224},
    archivePrefix={arXiv},
    primaryClass={cs.AI}
}